@webpage{AppleSwift,
	Author = {Apple Inc.},
	Date-Added = {2016-11-11 04:59:26 +0000},
	Date-Modified = {2016-11-11 05:00:28 +0000},
	Month = {September},
	Title = {Start Developing iOS Apps (Swift)},
	Url = {https://developer.apple.com/library/content/referencelibrary/GettingStarted/DevelopiOSAppsSwift/index.html#//apple_ref/doc/uid/TP40015214-CH2-SW1},
	Year = {2015}}

@webpage{CodeChris,
	Date-Added = {2016-11-11 05:12:05 +0000},
	Date-Modified = {2016-11-11 05:13:32 +0000},
	Month = {October},
	Title = {How To Make iPhone Apps with No Programming Experience},
	Url = {http://codewithchris.com/how-to-make-iphone-apps-with-no-programming-experience/},
	Year = {2016}}

@webpage{AppleObjC,
	Date-Added = {2016-11-11 05:15:38 +0000},
	Date-Modified = {2016-11-11 05:16:20 +0000},
	Month = {September},
	Title = {About Objective-C},
	Url = {https://developer.apple.com/library/content/documentation/Cocoa/Conceptual/ProgrammingWithObjectiveC/Introduction/Introduction.html},
	Year = {2014}}

@webpage{AppyPie,
	Date-Added = {2016-11-11 05:30:49 +0000},
	Date-Modified = {2016-11-11 05:31:34 +0000},
	Title = {iPhone App Builder},
	Url = {http://www.appypie.com/iphone-app-builder},
	Year = {2016}}
