%% This BibTeX bibliography file was created using BibDesk.
%% http://bibdesk.sourceforge.net/

%% Created for Courtney L. Bonn at 2017-06-04 14:07:28 -0700 


%% Saved with string encoding Unicode (UTF-8) 



@webpage{XMLAndroid,
	Date-Added = {2017-06-04 20:59:21 +0000},
	Date-Modified = {2017-06-04 20:59:52 +0000},
	Title = {Android XML Parse Images and Texts Tutorial},
	Url = {http://www.androidbegin.com/tutorial/android-xml-parse-images-and-texts-tutorial/},
	Year = {2013}}

@webpage{JSONAndroid,
	Date-Added = {2017-06-04 20:58:14 +0000},
	Date-Modified = {2017-06-04 20:58:54 +0000},
	Title = {Get JSON Data from URL Using Android?},
	Url = {https://stackoverflow.com/questions/33229869/get-json-data-from-url-using-android},
	Year = {2016}}

@webpage{JSONSwift,
	Date-Added = {2017-06-04 20:56:35 +0000},
	Date-Modified = {2017-06-04 20:57:58 +0000},
	Title = {Simple Rest with Swift},
	Url = {https://grokswift.com/simple-rest-with-swift/},
	Year = {2016}}

@webpage{CCB,
	Date-Added = {2016-11-13 22:07:05 +0000},
	Date-Modified = {2016-11-13 22:07:29 +0000},
	Title = {Church Community Builder},
	Url = {https://www.churchcommunitybuilder.com},
	Year = {2016},
	Bdsk-Url-1 = {https://www.churchcommunitybuilder.com}}

@webpage{Wordpress,
	Date-Added = {2016-11-13 21:44:12 +0000},
	Date-Modified = {2016-11-13 21:44:28 +0000},
	Title = {Wordpress.org},
	Url = {https://wordpress.org/about/features/},
	Year = {2016},
	Bdsk-Url-1 = {https://wordpress.org/about/features/}}

@webpage{AndroidStudio,
	Date-Added = {2016-11-12 22:00:01 +0000},
	Date-Modified = {2016-11-12 22:00:26 +0000},
	Title = {Android Studio},
	Url = {https://developer.android.com/studio/index.html},
	Year = {2016},
	Bdsk-Url-1 = {https://developer.android.com/studio/index.html}}

@webpage{Material-Side-Nav,
	Date-Added = {2016-11-12 22:00:01 +0000},
	Date-Modified = {2016-11-12 22:00:26 +0000},
	Title = {Material Design Side Bar Navigation},
	Url = {https://material.google.com/layout/structure.html#structure-side-nav},
	Year = {2016},
	Bdsk-Url-1 = {https://material.google.com/layout/structure.html#structure-side-nav}}

@webpage{Interface,
	Date-Added = {2016-11-12 21:39:06 +0000},
	Date-Modified = {2016-11-12 21:39:43 +0000},
	Title = {Interface Builder Built-In},
	Url = {https://developer.apple.com/xcode/interface-builder/},
	Year = {2016},
	Bdsk-Url-1 = {https://developer.apple.com/xcode/interface-builder/}}

@webpage{AppleSwift,
	Author = {Apple Inc.},
	Date-Added = {2016-11-11 04:59:26 +0000},
	Date-Modified = {2016-11-11 05:00:28 +0000},
	Month = {September},
	Title = {Start Developing iOS Apps (Swift)},
	Url = {https://developer.apple.com/library/content/referencelibrary/GettingStarted/DevelopiOSAppsSwift/index.html#//apple_ref/doc/uid/TP40015214-CH2-SW1},
	Year = {2015},
	Bdsk-Url-1 = {https://developer.apple.com/library/content/referencelibrary/GettingStarted/DevelopiOSAppsSwift/index.html#//apple_ref/doc/uid/TP40015214-CH2-SW1}}

@webpage{LiveStream,
	Date-Added = {2016-11-14 12:07:05 +0000},
	Date-Modified = {2016-11-14 12:07:29 +0000},
	Title = {LiveStream},
	Url = {https://livestream.com/developers/docs/api/},
	Year = {2016},
	Bdsk-Url-1 = {https://livestream.com/developers/docs/api/}}
